@misc{tf,
	author = {Tully Foote, Eitan Marder-Eppstein, Wim Meeussen},
	title = {{tf}},
	howpublished = "\url{http://wiki.ros.org/tf}",
	year = {2017}, 
	note = "[Online; accessed 25-May-2018]"
}


@book{matthew2011beginning,
	title={Beginning Linux Programming},
	author={Matthew, N. and Stones, R.},
	isbn={9781118058619},
	year={2011},
	publisher={Wiley}
}

@inproceedings{beetz2010cram,
	title={CRAMâ€”A Cognitive Robot Abstract Machine for everyday manipulation in human environments},
	author={Beetz, Michael and M{\"o}senlechner, Lorenz and Tenorth, Moritz},
	booktitle={Intelligent Robots and Systems (IROS), 2010 IEEE/RSJ International Conference on},
	pages={1012--1017},
	year={2010},
	organization={IEEE}
}

@techreport{DOLCE2003,
  author = {Masolo, Claudio and Borgo, Stefano and Gangemi, Aldo and Guarino, Nicola and Oltramari, Alessandro},
  institution = {IST Project 2001-33052 WonderWeb: Ontology Infrastructure for the Semantic Web},
  no_month = {December},
  title = {{WonderWeb} Deliverable {D18} Ontology Library (final)},
  year = 2003
}

